Automatically generated by Mendeley Desktop 1.11
Any changes to this file will be lost if it is regenerated by Mendeley.

BibTeX export options can be customized via Preferences -> BibTeX in Mendeley Desktop

@misc{FIXML2004,
author = {FIXML},
file = {:Users/krikava/Research/Resources/Mendeley - Articles/FIXML 4.4 Schema Version Guide - 2004 - FIXML.pdf:pdf},
title = {{FIXML 4.4 Schema Version Guide}},
year = {2004}
}
@inproceedings{Krikava2014,
author = {Krikava, Filip and Collet, Philippe and France, Robert B},
booktitle = {Symposium on Applied Computing (SAC), track on Programming Languages (PL)},
file = {:Users/krikava/Research/Resources/Mendeley - Articles/Manipulating Models Using Internal Domain-Specific Languages - 2014 - Krikava, Collet, France.pdf:pdf},
isbn = {9781450324694},
keywords = {domain-specific languages,manipulation,model,model transformation,model-driven engineering,scala},
series = {SAC},
title = {{Manipulating Models Using Internal Domain-Specific Languages}},
year = {2014}
}
@inproceedings{Lano2014,
author = {Lano, K. and Yassipour-Tehrani, S. and Maroukian, K.},
booktitle = {Transformation Tool Contest 2014},
file = {:Users/krikava/Research/Resources/Mendeley - Articles/Case study FIXML to Java, C\# and C - 2014 - Lano, Yassipour-Tehrani, Maroukian.pdf:pdf},
title = {{Case study: FIXML to Java, C\# and C++}},
year = {2014}
}
